@book{Algebra,
  title={Álgebra Linear - 3ª Edição},
  author= {José Luiz Boldrini;  Sueli I. Rodrigues Costa;  Vera Lúcia Figueiredo; Henry G. Wetzler},
  year={1986},
  publisher={Harbra Editora}
}


@misc{Perfil,
    title={Perfil curricular do curso de Ciência da Computação},
    author={Universidade Federal de Pernambuco},
    howpublished={Disponível em: \url{https://www.ufpe.br/documents/38970/411209/ciencia_computacao_perfil_2002.pdf/09862676-8330-4642-af94-6ec9e8607a62}},
    year={2002}
}

@misc{MA531,
    title={Página da Disciplina de Álgebra Vetorial e Linear para Computação},
    author={Universidade Federal de Pernambuco},
    howpublished={Disponível em: \url{https://www.cin.ufpe.br/~ma531ec/}},
    year={2014}
}